%%% Bibliography entries

@Manual{TinyTest,
  author="Eventedmind",
  title="{\href{https://www.eventedmind.com/feed/meteor-testing-packages-with-tinytest}{Testing Packages with Tinytest}}",
  year="2013",
  ISSN="",
  publisher="",
  journal="Eventedmind",
  pages="",
  url="https://www.eventedmind.com/feed/meteor-testing-packages-with-tinytest",
}

@Manual{MeteorDocs,
  author="MeteorJS",
  title="{\href{http://docs.meteor.com}{Meteor Documentation}}",
  year="2014",
  ISSN="",
  journal="",
  pages="",
  url="http://docs.meteor.com",
}

@Manual{NodeDocs,
  author="Joyent",
   title="{\href{http://nodejs.org/api/}{Node.js Manual and Documentation}}",
  year="2014",
  ISSN="",
  journal="",
 pages="",
  url="http://nodejs.org/api/",
}

@Manual{MongoDocs,
  author="MongoDB",
  title="{\href{http://docs.mongodb.org/manual/}{The MongoDB Manual}}",
  year="2014",
  ISSN="",
  journal="",
  pages="",
  url="http://docs.mongodb.org/manual/",
}

@Article{Mesosphere,
  author="Kelly Copley",
 title="{\href{https://github.com/copleykj/Mesosphere}{Mesosphere}}",
  year="2014",
  ISSN="",
  publisher="Github",
  journal="Github Repository",
 pages="",
  url="https://github.com/copleykj/Mesosphere",
}


@Book{DiscoverMeteor2013,
  author="Tom Coleman and Sacha Greif",
   title="{\href{http://pl.discovermeteor.com/}{Discover Meteor: Building Real-Time Javascript Web Apps}}",
 edition="First edition",
publisher="",
 address="",
    year="2013",
    ISBN="",
}

@Book{ScalingMongoDB2011,
author="Kristina Chodorow",
 title="{\href{http://it-ebooks.info/book/179/}{Scaling MongoDB}}",
  edition="First edition",
  publisher="",
  address="",
  year="2011",
  ISBN="1449303218; 978-1449303211",
}

@Inproceedings{ScalingWithMongoDB,
  author="Rick Copeland",
  title="{\href{http://www.slideshare.net/rick446/scaling-withmongodb}{Scaling with MongoDB}}",
  year="2012",
  ISSN="",
  journal="Slideshare",
  pages="32",
  url="http://www.slideshare.net/rick446/scaling-withmongodb",
}

@Article{Laika,
  author="Arunoda Susiripala",
 title="{\href{http://www.sitepoint.com/test-driven-development-with-meteor/}{Test Driven Development with Meteor}}",
  year="2013",
  ISSN="",
  journal="Sitepoint",
 pages="",
  url="http://www.sitepoint.com/test-driven-development-with-meteor/",
}

@Article{Introduction,
  author="Stephen Walther",
 title="{\href{http://stephenwalther.com/archive/2013/03/18/an-introduction-to-meteor}{An Introduction to Meteor}}",
  year="2013",
  ISSN="",
  journal="stephenwalther",
 pages="",
  url="http://stephenwalther.com/archive/2013/03/18/an-introduction-to-meteor",
}

@Article{Packages,
  author="Stephen Walther",
 title="{\href{http://www.vintyge.com/blog/2012/12/creating-a-basic-meteorite-smart-package}{Creating a basic meteorite smart package}}",
  year="2012",
  ISSN="",
  journal="Vintyge Inc",
 pages="",
  url="http://www.vintyge.com/blog/2012/12/creating-a-basic-meteorite-smart-package",
}

@Article{Validation,
  author="Wikipedia",
 title="{\href{http://pl.wikipedia.org/wiki/Weryfikacja_i_walidacja_%28oprogramowanie%29}{Weryfikacja i walidacja oprogramowania}}",
  year="2014",
  ISSN="",
  journal="Wikipedia",
 pages="",
  url="http://pl.wikipedia.org/wiki/Weryfikacja_i_walidacja_%28oprogramowanie%29",
}
@Article{ValidationSJP,
  author="PWN",
 title="{\href{http://sjp.pwn.pl/slownik/2579514/walidacja}{Walidacja}}",
  year="2014",
  ISSN="",
  journal="SJP PWN",
 pages="",
  url="http://sjp.pwn.pl/slownik/2579514/walidacja",
}
@Article{ValidationTermin,
  author="WÅ‚odzimierz Gajda",
 title="{\href{http://www.gajdaw.pl/php/walidacja-formularzy/print.html#R1}{Walidacja danych}}",
  year="2008",
  ISSN="",
  journal="gajdaw",
 pages="",
  url="http://www.gajdaw.pl/php/walidacja-formularzy/print.html#R1",
}
@Article{Validation2,
  author="Wikipedia",
 title="{\href{http://pl.wikipedia.org/wiki/Walidacja_%28technika%29}{Walidacja (technika)}}",
  year="2014",
  ISSN="",
  journal="Wikipedia",
 pages="",
  url="http://pl.wikipedia.org/wiki/Walidacja_%28technika%29",
}

http://pl.wikipedia.org/wiki/Walidacja_%28technika%29
