%%% Bibliography entries

@Manual{Atmosphere,
  title = "{\href{https://atmospherejs.com/}{\mybibdoicolor{Atmosphere Docs}}}",
  author = "Percolate Studio",
  year = "2014",
}

@Manual{Meteor,
  title = "{\href{http://docs.meteor.com/}{\mybibdoicolor{Meteor Docs}}}",
  author = "MeteorJS",
  year = "2014",
}

@Manual{Node,
  title = "{\href{http://nodejs.org/api/}{\mybibdoicolor{Node Docs}}}",
  author = "Node JS",
  year = "2014",
}

@Manual{Mongo,
  title = "{\href{http://docs.mongodb.org/manual/}{\mybibdoicolor{Mongo Docs}}}",
  author = "MongoDB",
  year = "2014",
}

@misc{Mesosphere,
  author = "{Kelly Copley}",
  title = "{\href{https://github.com/copleykj/Mesosphere}{\mybibdoicolor{Mesosphere}}}",
  year = "2014",
  publisher = "GitHub",
  journal = "GitHub repository",
}


@Book{DiscoverMeteor,
  author = "Tom Coleman and Sacha Greif",
  title = "{\href{https://www.discovermeteor.com/}{\mybibdoicolor{Discover Meteor}}}",
  pages = "190",
  year = "2013",
}

@Book{ScalingMongoDB,
  author = "Kristina Chodorow",
  title = "{\href{http://it-ebooks.info/book/179/}{\mybibdoicolor{Scaling MongoDB}}}",
  pages = "66",
  year = "2011",
  ISBN = "978-1449303211",
}

@Inproceedings{ScalingWithMongoDB,
  author = "Rick Copeland",
  title = "{\href{http://www.slideshare.net/rick446/scaling-withmongodb}{\mybibdoicolor{Scaling with MongoDB}}}",
  year = "2012",
}

@Article{TDDwM,
  author = "Arunoda Susiripala",
  title = "{\href{http://www.sitepoint.com/test-driven-development-with-meteor/}{\mybibdoicolor{Test Driven Development with Meteor}}}",
  year = "2013",
}
